% This file was created with JabRef 2.10.
% Encoding: UTF8


@Book{adamek1999,
  Title                    = {Singen als Lebenshilfe. Zur Empirie und Theorie von Alltagsbewältigung},
  Author                   = {Karl Adamek},
  Year                     = {1999},

  Address                  = {Münster},

  Owner                    = {Sarah},
  Timestamp                = {2014.04.06}
}

@Book{alavi2009,
  Title                    = {Die Musik des Körpers - Integratives Stimmtraining},
  Author                   = {Romeo Alavi-Kia},
  Year                     = {2009},

  Address                  = {Bielefeld},

  Owner                    = {Sarah},
  Timestamp                = {2014.04.08}
}

@Book{bossinger2006,
  Title                    = {Die heilende Kraft des Singens},
  Author                   = {Wolfgang Bossinger},
  Year                     = {2006},

  Address                  = {Battweiler},
  Volume                   = {2. überarbeitete Auflage},

  Owner                    = {Sarah},
  Timestamp                = {2014.05.05}
}

@Book{brisch2013,
  Title                    = {Bindungsstörungen: Von der Bindungstheorie zur Therapie},
  Author                   = {Karl-Heinz Brisch},
  Year                     = {2013},

  Address                  = {Stuttgart},

  Owner                    = {Sarah},
  Timestamp                = {2014.04.21}
}

@Book{cramer1998,
  Title                    = {Das Buch von der Stimme},
  Author                   = {Annette Cramer},
  Year                     = {1998},

  Address                  = {Zürich},

  Owner                    = {Sarah},
  Timestamp                = {2014.04.16}
}

@Book{deckervoigt2000,
  Title                    = {Aus der Seele gespielt},
  Author                   = {Hans-Helmut Decker-Voigt},
  Year                     = {2000},

  Address                  = {München},

  Owner                    = {Sarah},
  Timestamp                = {2014.04.16}
}

@InCollection{engert-timmermann2012,
  Title                    = {Atem und Stimme},
  Author                   = {Gabriele Engert-Timmermann},
  Booktitle                = {Die Stimme in der Musiktherapie},
  Publisher                = {Gabriele Engert-Timmermann and Hanns-Günther Wolf},
  Year                     = {2012},

  Address                  = {Wiesbaden},
  Pages                    = {13-14},

  Owner                    = {Sarah},
  Timestamp                = {2014.04.06}
}

@Book{ermann1999,
  Title                    = {Psychotherapeutische und psychosomatische Medizin},
  Author                   = {Michael Ermann},
  Year                     = {1999},

  Address                  = {Stuttgart},
  Edition                  = {3. Auflage},

  Owner                    = {Sarah},
  Timestamp                = {2014.05.29}
}

@InCollection{fischer2007,
  Title                    = {COPD und Psyche},
  Author                   = {Jürgen Fischer},
  Booktitle                = {Volkskrankheit Asthma/ COPD. Bestandsaufnahme und Perspektiven},
  Publisher                = {Heidrun Lingner and Konrad Schultz and Friedrich-Wilhelm Schwartz},
  Year                     = {2007},

  Address                  = {Heidelberg},
  Pages                    = {155-159},

  Owner                    = {Sarah},
  Timestamp                = {2014.05.19}
}

@Book{fonagy2004,
  Title                    = {Affektregulierung, Mentalisierung und die Entwicklung des Selbst},
  Author                   = {Peter Fonagy and György Gergely and Elliot L. Jurist and Mary Target},
  Year                     = {2004},

  Address                  = {Stuttgart},

  Owner                    = {Sarah},
  Timestamp                = {2014.04.21}
}

@InCollection{gembris2008,
  Title                    = {Entwicklungspsychologische Befunde zum Singen},
  Author                   = {Heiner Gembris},
  Booktitle                = {Aspekte des Singens. Ein Studenbuch},
  Publisher                = {Andreas Lehmann-Wermser and Anne Niessen},
  Year                     = {2008},
  Chapter                  = {1},
  Pages                    = {11-34},

  Owner                    = {Sarah},
  Timestamp                = {2014.05.04}
}

@InCollection{gillissen2007,
  Title                    = {Medikamentöse Therapie der COPD},
  Author                   = {Adrian Gillissen},
  Booktitle                = {Volkskrankheit Asthma/ COPD. Bestandsaufnahme und Perspektiven},
  Publisher                = {Heidrun Lingner and Konrad Schultz and Friedrich-Wilhelm Schwartz},
  Year                     = {2007},

  Address                  = {Heidelberg},
  Pages                    = {249-255},

  Owner                    = {Sarah},
  Timestamp                = {2014.05.14}
}

@Book{gundermann1994,
  Title                    = {Phänomen Stimme},
  Author                   = {Horst Gundermann},
  Year                     = {1994},

  Address                  = {München/ Basel},

  Owner                    = {Sarah},
  Timestamp                = {2014.04.06}
}

@Article{kenn2011,
  Title                    = {Unterschätzte Komorbidität - Angst und Depression bei COPD},
  Author                   = {Klaus Kenn and Kerstin Kühl},
  Journal                  = {PneumoNews},
  Year                     = {2011},
  Pages                    = {34-36},
  Volume                   = {2},

  Owner                    = {Sarah},
  Timestamp                = {2014.05.19}
}

@Book{klausmeier1978,
  Title                    = {Die Lust, sich musikamusik auszudrücken},
  Author                   = {F. Klausmeier},
  Year                     = {1978},

  Address                  = {Reinbek},

  Owner                    = {Sarah},
  Timestamp                = {2014.05.29}
}

@Book{koehler2010,
  Title                    = {Pneumologie - Ein Leitfaden für rationales Handeln in Klinik und Praxis},
  Author                   = {Dieter Köhler and Berd Schönhofer and Thomas Voshaar},
  Year                     = {2010},

  Address                  = {Stuttgart},

  Owner                    = {Sarah},
  Timestamp                = {2014.05.10}
}

@InCollection{koenig2007,
  Title                    = {Komorbidität bei Erwachsenen},
  Author                   = {Gerhard König},
  Booktitle                = {Volkskrankheit Asthma/ COPD. Bestandsaufnahme und Perspektiven},
  Publisher                = {Heidrun Lingner and Konrad Schultz and Friedrich-Wilhelm Schwartz},
  Year                     = {2007},

  Address                  = {Heidelberg},
  Pages                    = {395-402},

  Owner                    = {Sarah},
  Timestamp                = {2014.05.19}
}

@Article{weber2012,
  Title                    = {Scham: (K)ein Thema für die Musiktherapie? Ein Briefwechsel},
  Author                   = {Annegret Körber and Tilman Weber},
  Journal                  = {Musiktherapeutische Umschau},
  Year                     = {2012},
  Number                   = {3},
  Pages                    = {210-218},
  Volume                   = {33},

  Owner                    = {Sarah},
  Timestamp                = {2014.04.16}
}

@InCollection{lang2007,
  Title                    = {Nichtmedikamentöse Therapie bei COPD},
  Author                   = {Susanne Lang},
  Booktitle                = {Volkskrankheit Asthma/ COPD. Bestandsaufnahme und Perspektiven},
  Publisher                = {Heidrun Lingner and Konrad Schultz and Friedrich-Wilhelm Schwartz},
  Year                     = {2007},

  Address                  = {Heidelberg},
  Pages                    = {287-296},

  Owner                    = {Sarah},
  Timestamp                = {2014.05.13}
}

@Book{lorenz2009,
  Title                    = {Checkliste XXL - Pneumologie},
  Author                   = {Joachim Lorenz},
  Year                     = {2009},

  Address                  = {Stuttgart},
  Edition                  = {2. Auflage},

  Owner                    = {Sarah},
  Timestamp                = {2014.05.09}
}

@Book{mentzos2011,
  Title                    = {Lehrbuch der Psychodynamik},
  Author                   = {Stavros Mentzos},
  Year                     = {2011},

  Address                  = {Göttingen},
  Edition                  = {5. Auflage},

  Owner                    = {Sarah},
  Timestamp                = {2014.05.21}
}

@Book{middendorf1995,
  Title                    = {Der erfahrbare Atem. Eine Atemlehre},
  Author                   = {Ilse Middendorf},
  Year                     = {1995},

  Address                  = {Paderborn},
  Volume                   = {8. Auflage},

  Owner                    = {Sarah},
  Timestamp                = {2014.05.05}
}

@Book{moeller2009,
  Title                    = {Psychiatrie und Psychotherapie},
  Author                   = {Hans-Jürger Möller and Gerd Laux and Arno Deister},
  Year                     = {2009},

  Address                  = {Stuttgart},
  Edition                  = {Auflage 4},

  Owner                    = {Sarah},
  Timestamp                = {2014.05.29}
}

@Book{noecker-ribeaupierre2004,
  Title                    = {Förderung frühgeborener Kinder mit Musik und Stimme},
  Author                   = {Monika Nöcker-Ribeaupierre and Marie-Luise Zimmer},
  Year                     = {2004},

  Address                  = {München/ Basel},

  Owner                    = {Sarah},
  Timestamp                = {2014.04.20}
}

@InCollection{rittner2012,
  Title                    = {Von der Sinnlichkeit des Singens},
  Author                   = {Sabine Rittner},
  Booktitle                = {Die Stimme in der Musiktherapie},
  Publisher                = {Gabriele Engert-Timmermann and Hanns-Günther Wolf},
  Year                     = {2012},
  Pages                    = {55-73},

  Owner                    = {Sarah},
  Timestamp                = {2014.04.16}
}

@InCollection{rittner2009a,
  Title                    = {Stimme},
  Author                   = {Sabine Rittner},
  Booktitle                = {Lexikon Musiktherapie},
  Publisher                = {Hans-Helmut Decker-Voigt and Eckhard Weymann},
  Year                     = {2009},

  Address                  = {Göttingen},
  Pages                    = {481-489},

  Owner                    = {Sarah},
  Timestamp                = {2014.04.16}
}

@Article{rittner2008,
  Title                    = {Der Wirkfaktor Stimme in der Psychotherapie / in der Musiktherapie},
  Author                   = {Sabine Rittner},
  Journal                  = {Musiktherapeutische Umschau},
  Year                     = {2008},
  Number                   = {3},
  Pages                    = {201-220},
  Volume                   = {29},

  Owner                    = {Sarah},
  Timestamp                = {2014.04.06}
}

@Article{rittner1990,
  Title                    = {Zur Rolle der Vokalimprovisation in der Musiktherapie},
  Author                   = {Sabine Rittner},
  Journal                  = {Musiktherapeutische Umschau},
  Year                     = {1990},
  Pages                    = {104-119},
  Volume                   = {11},

  Owner                    = {Sarah},
  Timestamp                = {2014.04.20}
}

@InProceedings{stenzel2013,
  Title                    = {„Fear Avoidance“ - ein bedeutsames Konzept bei COPD?},
  Author                   = {Nikola Stenzel and Klaus Kenn and Winfried Rief},
  Booktitle                = {Klinische Psychologie und Psychotherapie 2013. ABSTRACTBAND. 8. Workshopkongress für Klinische Psychologie und Psychotherapie.},
  Year                     = {2013},

  Address                  = {Trier},
  Month                    = {09.-11. Mai},
  Pages                    = {111-112},

  Owner                    = {Sarah},
  Timestamp                = {2014.05.29}
}

@Book{stern2007,
  Title                    = {Die Lebenserfahrung des Säuglings},
  Author                   = {Daniel Stern},
  Year                     = {2007},

  Address                  = {Stuttgart},

  Owner                    = {Sarah},
  Timestamp                = {2014.04.14}
}

@Article{mattke2007,
  Title                    = {Differenzielle Indikationsstellung für die psychodynamische Gruppenpsychotherapie},
  Author                   = {Bernhard Strauß and Dankwart Mattke},
  Journal                  = {Die Psychodynamische Psychotherapie},
  Year                     = {2007},
  Number                   = {2},
  Pages                    = {78-88},
  Volume                   = {6},

  Owner                    = {Sarah},
  Timestamp                = {2014.05.15}
}

@Article{tiedemann2012,
  Title                    = {Facetten der Scham - Entstehung und Funktion eines verkannten Affekts},
  Author                   = {Jens Tiedemann},
  Journal                  = {Musiktherapeutische Umschau},
  Year                     = {2012},
  Number                   = {3},
  Pages                    = {219-232},
  Volume                   = {33},

  Owner                    = {Sarah},
  Timestamp                = {2014.04.16}
}

@InCollection{timmermann2008,
  Title                    = {Praxeologie},
  Author                   = {Tonius Timmermann},
  Booktitle                = {Lehrbuch Musiktherapie},
  Publisher                = {Hans-Helmut Decker-Voigt and Dorothea Oberegelsbacher and Tonius Timmermann},
  Year                     = {2008},

  Address                  = {München},
  Pages                    = {53-63},

  Owner                    = {Sarah},
  Timestamp                = {2014.05.29}
}

@Book{timmermann2004,
  Title                    = {Tiefenpsychologische Musiktherapie},
  Author                   = {Tonius Timmermann},
  Year                     = {2004},

  Address                  = {Wiesbaden},

  Owner                    = {Sarah},
  Timestamp                = {2014.05.29}
}

@Article{tress1985,
  Title                    = {Psychoanalyse der Sucht},
  Author                   = {Wolfgang Tress},
  Journal                  = {Forum Psychoanalyse},
  Year                     = {1985},
  Number                   = {1},
  Pages                    = {81-92},

  Owner                    = {Sarah},
  Timestamp                = {2014.05.29},
  Url                      = {http://docserv.uni-duesseldorf.de/servlets/DerivateServlet/Derivate-12899/S0092158.pdf}
}

@Book{tretter2008,
  Title                    = {Suchtmedizin kompakt},
  Author                   = {Felix Tretter},
  Year                     = {2008},

  Address                  = {Stuttgart},

  Owner                    = {Sarah},
  Timestamp                = {2014.05.21}
}

@Book{vogelmeier2007,
  Title                    = {Leitlinie der Deutschen Atemwegsliga und der Deutschen Gesellschaft für Pneumologie und Beatmungsmedizin zur Diagnostik und Therapie von Patienten mit chronisch obstruktiver Bronchitis und Lungenemphysem (COPD)},
  Author                   = {C. Vogelmeier and R. Buhl and C. P. Criée and A. Gillissen and P. Kardos and D. Köhler and H. Magnussen and H. Morr and D. Nowak and D. Pfeiffer−Kascha and W. Petro and K. Rabe and K. Schultz and H. Sitter and H. Teschler and T. Welte and R.Wettengel and H.Worth},
  Year                     = {2007},

  Address                  = {Stuttgart/ New York},

  Owner                    = {Sarah},
  Timestamp                = {2014.05.12},
  Url                      = {http://www.atemwegsliga.de/copd.html?file=tl_files/eigene-dateien/copd/COPD-Leitlinie.pdf}
}

@Article{weidlinger2012,
  Title                    = {Die historische Entwicklung der psychoanalytischen Theorien der Sucht},
  Author                   = {Hans-Christian Weidlinger},
  Journal                  = {SAP-Zeitung (Salzburger Arbeitskreis für Psychoanalyse)},
  Year                     = {2012},

  Month                    = {September},
  Number                   = {22},

  Owner                    = {Sarah},
  Timestamp                = {2014.05.29},
  Url                      = {http://www.psychoanalyse-salzburg.com/index.php?site=zeitung#1}
}

@InCollection{welte2007,
  Title                    = {Diagnostik und Früherkennung von COPD},
  Author                   = {Tobias Welte},
  Booktitle                = {Volkskrankheit Asthma/ COPD. Bestandsaufnahme und Perspektiven},
  Publisher                = {Heidrun Lingner and Konrad Schultz and Friedrich-Wilhelm Schwartz},
  Year                     = {2007},

  Address                  = {Heidelberg},
  Pages                    = {185-195},

  Owner                    = {Sarah},
  Timestamp                = {2014.05.12}
}

@InCollection{wolf2012,
  Title                    = {Singkultur in Deutschland},
  Author                   = {Hanns-Günther Wolf},
  Booktitle                = {Die Stimme in der Musiktherapie},
  Publisher                = {Gabriele Engert-Timmermann and Hanns-Günther Wolf},
  Year                     = {2012},

  Address                  = {Wiesbaden},
  Pages                    = {9-12},

  Owner                    = {Sarah},
  Timestamp                = {2014.04.06}
}

@comment{jabref-meta: groupsversion:3;}

@comment{jabref-meta: groupstree:
0 AllEntriesGroup:;
1 KeywordGroup:Stimmarbeit\;0\;keywords\;Singen Stimme\;0\;0\;;
}

